<?xml version="1.0" encoding="UTF-8"?>
<collection xmlns:xsi="http://www.w3.org/2001/XMLSchema-instance" xsi:schemaLocation="http://www.loc.gov/MARC21/slim http://www.loc.gov/standards/marcxml/schema/MARC21slim.xsd" xmlns="http://www.loc.gov/MARC21/slim">
<record>
  <leader>00692cam a2200205 a 4500</leader>
  <controlfield tag="001">2983574</controlfield>
  <controlfield tag="003">NNC</controlfield>
  <controlfield tag="005">20130426005149.0</controlfield>
  <controlfield tag="008">941019s1883    ua            000 0 arard</controlfield>
  <datafield tag="035" ind1=" " ind2=" ">
    <subfield code="a">(OCoLC)ocm31313756</subfield>
  </datafield>
  <datafield tag="035" ind1=" " ind2=" ">
    <subfield code="9">ASN0760CU</subfield>
  </datafield>
  <datafield tag="035" ind1=" " ind2=" ">
    <subfield code="a">(NNC)2983574</subfield>
  </datafield>
  <datafield tag="040" ind1=" " ind2=" ">
    <subfield code="a">UUM</subfield>
    <subfield code="c">UUM</subfield>
    <subfield code="d">ZCU</subfield>
  </datafield>
  <datafield tag="090" ind1=" " ind2=" ">
    <subfield code="a">PJ7538</subfield>
    <subfield code="b">.A29</subfield>
  </datafield>
  <datafield tag="100" ind1="1" ind2=" ">
    <subfield code="a">Abyārī, ʻAbd al-Hādī Najā ibn Raḍwān Najā,</subfield>
    <subfield code="d">1820 or 1821-1887 or 1888.</subfield>
  </datafield>
  <datafield tag="245" ind1="1" ind2="3">
    <subfield code="a">al-Wasāʾil al-adabīyah fī al-Rasāʾil al-Aḥdabīyah.</subfield>
  </datafield>
  <datafield tag="260" ind1=" " ind2=" ">
    <subfield code="a">[Cairo] :</subfield>
    <subfield code="b">Maṭbaʻat al-Waṭan,</subfield>
    <subfield code="c">1301 [1883 or 1884]</subfield>
  </datafield>
  <datafield tag="300" ind1=" " ind2=" ">
    <subfield code="a">167 p. ;</subfield>
    <subfield code="c">24 cm.</subfield>
  </datafield>
  <datafield tag="600" ind1="1" ind2="0">
    <subfield code="a">Aḥdab, Ibrāhīm,</subfield>
    <subfield code="d">1826-1891</subfield>
    <subfield code="x">Criticism and interpretation.</subfield>
  </datafield>
  <datafield tag="955" ind1=" " ind2=" ">
    <subfield code="b">0036760455</subfield>
    <subfield code="d">glx</subfield>
    <subfield code="e">PJ7538 .A29</subfield>
  </datafield>
</record>
</collection>